@online{accelerator_chain,
  urldate = {2019-05-19},
  url = "https://mu2e.fnal.gov/images_v2/00-0635D.jpg"
}

@online{cdf,
  urldate = {2019-05-19},
  url = "https://sciencesprings.files.wordpress.com/2015/09/fnal-cdf.jpg"
}

@online{standard_model,
  author = {Dr. Gebhard Greiter},
  title = {Das Standardmodell der Elementarteilchen},
  urldate = {2019-06-03},
  url = "http://greiterweb.de/spw/Standardmodell-Elementarteilchen.htm"
}

@online{vorlesung,
  author = {Dr. Ulrich Husemann},
  title = {Experimentelle Elementarteilchenphysik (P23.1.1)},
  institute = {Humboldt-Universität zu Berlin},
  urldate = {2019-06-04},
  url = "https://www-zeuthen.desy.de/~husemann/teaching/2009_ss/exp_teilchenphysik/skript/exp_teilchenphysik_folien.pdf"
}

@online{skript,
  author = {Dr. Ulrich Husemann},
  title = {Physik der W-Bosonen},
  institute = {Humboldt-Universität zu Berlin},
  urldate = {2019-06-04},
  url = "https://www-zeuthen.desy.de/~husemann/teaching/2009_ss/exp_teilchenphysik/skript/skript_04.pdf"
}

@online{D0,
  author = {High Energy Physics Division},
  urldate = {2019-06-05},
  url = "http://hepd.pnpi.spb.ru/hepd/images/d0.jpg"
}

@online{CDF_aufbau,
  author = {CDF Collaboration},
  title = {Operational Experience, Improvements, and Performance of the CDF Run II Silicon Vertex Detector},
  urldate = {2019-06-05},
  url = "http://inspirehep.net/record/1211048"
}

@ARTICLE{comparison,
       author = {{Aaboud}, M. and {Aad}, G. and {Abbott}, B. and {Abdallah}, J. and
         {Abdinov}, O. and {Abeloos}, B. and {Abidi}, S.~H. and
         {AbouZeid}, O.~S. and {Abraham}, N.~L. and {Abramowicz}, H.},
        title = "{Measurement of the W-boson mass in pp collisions at {\ensuremath{\sqrt{s}}}=7 TeV with the ATLAS detector}",
      journal = {European Physical Journal C},
     keywords = {High Energy Physics - Experiment},
         year = "2018",
        month = "Feb",
       volume = {78},
       number = {2},
          eid = {110},
        pages = {110},
          doi = {10.1140/epjc/s10052-017-5475-4},
archivePrefix = {arXiv},
       eprint = {1701.07240},
 primaryClass = {hep-ex},
       adsurl = {https://ui.adsabs.harvard.edu/abs/2018EPJC...78..110A},
      adsnote = {Provided by the SAO/NASA Astrophysics Data System}
}

@online{gfitter,
  author = {GFitter},
  title = {Results for the Global Electroweak Standard Model Fit},
  urldate = {2019-06-09},
  url = "http://gfitter.desy.de/Figures/Standard_Model/2014_07_16_Scan2D_MWvsmt_logo_large.gif"
}
